<?xml version="1.0" encoding="UTF-8"?>
  <record xmlns="http://www.loc.gov/MARC21/slim" type="Authority">
    <leader>00000nz  a2200000oc 4500</leader>
    <controlfield tag="001">1037528727</controlfield>
    <controlfield tag="003">DE-101</controlfield>
    <controlfield tag="005">20220208171157.0</controlfield>
    <controlfield tag="008">130726n||aznnnaabn           | aaa    |c</controlfield>
    <datafield tag="024" ind1="7" ind2=" ">
      <subfield code="a">1037528727</subfield>
      <subfield code="0">http://d-nb.info/gnd/1037528727</subfield>
      <subfield code="2">gnd</subfield>
    </datafield>
    <datafield tag="035" ind1=" " ind2=" ">
      <subfield code="a">(DE-101)1037528727</subfield>
    </datafield>
    <datafield tag="035" ind1=" " ind2=" ">
      <subfield code="a">(DE-588)1037528727</subfield>
    </datafield>
    <datafield tag="040" ind1=" " ind2=" ">
      <subfield code="a">DE-23</subfield>
      <subfield code="c">DE-23</subfield>
      <subfield code="9">r:DE-601</subfield>
      <subfield code="b">ger</subfield>
      <subfield code="d">0012</subfield>
      <subfield code="e">rda</subfield>
    </datafield>
    <datafield tag="042" ind1=" " ind2=" ">
      <subfield code="a">gnd3</subfield>
    </datafield>
    <datafield tag="043" ind1=" " ind2=" ">
      <subfield code="c">XA-NL</subfield>
      <subfield code="c">XA-DE</subfield>
    </datafield>
    <datafield tag="075" ind1=" " ind2=" ">
      <subfield code="b">p</subfield>
      <subfield code="2">gndgen</subfield>
    </datafield>
    <datafield tag="075" ind1=" " ind2=" ">
      <subfield code="b">piz</subfield>
      <subfield code="2">gndspec</subfield>
    </datafield>
    <datafield tag="079" ind1=" " ind2=" ">
      <subfield code="a">g</subfield>
      <subfield code="q">f</subfield>
      <subfield code="q">a</subfield>
      <subfield code="u">r</subfield>
    </datafield>
    <datafield tag="100" ind1="1" ind2=" ">
      <subfield code="a">Janssonius van Waesberge, Gillis</subfield>
      <subfield code="d">-1707</subfield>
    </datafield>
    <datafield tag="400" ind1="1" ind2=" ">
      <subfield code="a">Jansson, Gilles</subfield>
      <subfield code="d">-1707</subfield>
    </datafield>
    <datafield tag="400" ind1="1" ind2=" ">
      <subfield code="a">Jansson von Waesberge, Gilles</subfield>
      <subfield code="d">-1707</subfield>
      <subfield code="9">v:Benzing (Verl.)</subfield>
    </datafield>
    <datafield tag="400" ind1="1" ind2=" ">
      <subfield code="a">Janssonius à Waesberge, Aegidius</subfield>
      <subfield code="d">-1707</subfield>
    </datafield>
    <datafield tag="400" ind1="1" ind2=" ">
      <subfield code="a">Janssonius à Waesberge, Egidio</subfield>
      <subfield code="d">-1707</subfield>
    </datafield>
    <datafield tag="400" ind1="1" ind2=" ">
      <subfield code="a">Jansonio à Waesberge, Egidio</subfield>
      <subfield code="d">-1707</subfield>
    </datafield>
    <datafield tag="400" ind1="1" ind2=" ">
      <subfield code="a">Janssonius van Waesberge, Aegidius</subfield>
      <subfield code="d">-1707</subfield>
    </datafield>
    <datafield tag="400" ind1="1" ind2=" ">
      <subfield code="a">Janssonius van Waesberge, Gilles</subfield>
      <subfield code="d">-1707</subfield>
    </datafield>
    <datafield tag="400" ind1="1" ind2=" ">
      <subfield code="a">Janssonius, Aegidius</subfield>
      <subfield code="d">-1707</subfield>
    </datafield>
    <datafield tag="400" ind1="1" ind2=" ">
      <subfield code="a">Jasonius Waesbergae, Aegidius</subfield>
      <subfield code="d">-1707</subfield>
    </datafield>
    <datafield tag="400" ind1="1" ind2=" ">
      <subfield code="a">Waesberge, Gilles</subfield>
      <subfield code="d">-1707</subfield>
    </datafield>
    <datafield tag="400" ind1="1" ind2=" ">
      <subfield code="a">Waesberge, Gilles J. &#152;von&#156;</subfield>
      <subfield code="d">-1707</subfield>
    </datafield>
    <datafield tag="400" ind1="1" ind2=" ">
      <subfield code="a">Jansson von Waesberge, Gillis</subfield>
      <subfield code="d">-1707</subfield>
    </datafield>
    <datafield tag="400" ind1="1" ind2=" ">
      <subfield code="a">Waesbergen, Gilles</subfield>
      <subfield code="d">-1707</subfield>
    </datafield>
    <datafield tag="400" ind1="1" ind2=" ">
      <subfield code="a">Waasberge, Gilles</subfield>
      <subfield code="d">-1707</subfield>
    </datafield>
    <datafield tag="400" ind1="1" ind2=" ">
      <subfield code="a">Iazonus, Aegidius</subfield>
      <subfield code="d">-1707</subfield>
    </datafield>
    <datafield tag="400" ind1="1" ind2=" ">
      <subfield code="a">Iasonus, Aegidius</subfield>
      <subfield code="d">-1707</subfield>
    </datafield>
    <datafield tag="400" ind1="1" ind2=" ">
      <subfield code="a">Jazonus, Aegidius</subfield>
      <subfield code="d">-1707</subfield>
    </datafield>
    <datafield tag="400" ind1="1" ind2=" ">
      <subfield code="a">Jasonus, Aegidius</subfield>
      <subfield code="d">-1707</subfield>
    </datafield>
    <datafield tag="400" ind1="1" ind2=" ">
      <subfield code="a">Jasonus Waesbergae, Aegidius</subfield>
      <subfield code="d">-1707</subfield>
    </datafield>
    <datafield tag="400" ind1="1" ind2=" ">
      <subfield code="a">Iazonus Waesbergae, Aegidius</subfield>
      <subfield code="d">-1707</subfield>
    </datafield>
    <datafield tag="400" ind1="1" ind2=" ">
      <subfield code="a">Iasonus Waesbergae, Aegidius</subfield>
      <subfield code="d">-1707</subfield>
    </datafield>
    <datafield tag="400" ind1="1" ind2=" ">
      <subfield code="a">Jazonus Waesbergae, Aegidius</subfield>
      <subfield code="d">-1707</subfield>
    </datafield>
    <datafield tag="500" ind1="1" ind2=" ">
      <subfield code="a">Fischer, Johannes Heinrich</subfield>
      <subfield code="4">bezb</subfield>
      <subfield code="4">https://d-nb.info/standards/elementset/gnd#professionalRelationship</subfield>
      <subfield code="w">r</subfield>
      <subfield code="i">Beziehung beruflich</subfield>
      <subfield code="e">Beziehung beruflich</subfield>
    </datafield>
    <datafield tag="510" ind1="2" ind2=" ">
      <subfield code="0">(DE-101)050413856</subfield>
      <subfield code="0">(DE-588)5041385-5</subfield>
      <subfield code="0">https://d-nb.info/gnd/5041385-5</subfield>
      <subfield code="a">Janssonio-Waesbergii</subfield>
      <subfield code="4">affi</subfield>
      <subfield code="4">https://d-nb.info/standards/elementset/gnd#affiliation</subfield>
      <subfield code="w">r</subfield>
      <subfield code="i">Affiliation</subfield>
      <subfield code="e">Affiliation</subfield>
    </datafield>
    <datafield tag="548" ind1=" " ind2=" ">
      <subfield code="a">-1707</subfield>
      <subfield code="4">datl</subfield>
      <subfield code="4">https://d-nb.info/standards/elementset/gnd#dateOfDeath</subfield>
      <subfield code="w">r</subfield>
      <subfield code="i">Lebensdaten</subfield>
      <subfield code="9">v:Sterbejahr ca.</subfield>
    </datafield>
    <datafield tag="550" ind1=" " ind2=" ">
      <subfield code="0">(DE-101)041309480</subfield>
      <subfield code="0">(DE-588)4130948-0</subfield>
      <subfield code="0">https://d-nb.info/gnd/4130948-0</subfield>
      <subfield code="a">Buchhändler</subfield>
      <subfield code="4">berc</subfield>
      <subfield code="4">https://d-nb.info/standards/elementset/gnd#professionOrOccupation</subfield>
      <subfield code="w">r</subfield>
      <subfield code="i">Charakteristischer Beruf</subfield>
      <subfield code="9">Z:1681-1699</subfield>
    </datafield>
    <datafield tag="550" ind1=" " ind2=" ">
      <subfield code="0">(DE-101)041383435</subfield>
      <subfield code="0">(DE-588)4138343-6</subfield>
      <subfield code="0">https://d-nb.info/gnd/4138343-6</subfield>
      <subfield code="a">Verleger</subfield>
      <subfield code="4">beru</subfield>
      <subfield code="4">https://d-nb.info/standards/elementset/gnd#professionOrOccupation</subfield>
      <subfield code="w">r</subfield>
      <subfield code="i">Beruf</subfield>
      <subfield code="9">Z:1675-1706</subfield>
    </datafield>
    <datafield tag="551" ind1=" " ind2=" ">
      <subfield code="0">(DE-101)040017834</subfield>
      <subfield code="0">(DE-588)4001783-7</subfield>
      <subfield code="0">https://d-nb.info/gnd/4001783-7</subfield>
      <subfield code="a">Amsterdam</subfield>
      <subfield code="4">ortw</subfield>
      <subfield code="4">https://d-nb.info/standards/elementset/gnd#placeOfActivity</subfield>
      <subfield code="w">r</subfield>
      <subfield code="i">Wirkungsort</subfield>
      <subfield code="9">Z:1675-1707</subfield>
    </datafield>
    <datafield tag="551" ind1=" " ind2=" ">
      <subfield code="0">(DE-101)040110397</subfield>
      <subfield code="0">(DE-588)4011039-4</subfield>
      <subfield code="0">https://d-nb.info/gnd/4011039-4</subfield>
      <subfield code="a">Danzig</subfield>
      <subfield code="4">ortw</subfield>
      <subfield code="4">https://d-nb.info/standards/elementset/gnd#placeOfActivity</subfield>
      <subfield code="w">r</subfield>
      <subfield code="i">Wirkungsort</subfield>
      <subfield code="9">Z:1683-ca. 1706</subfield>
    </datafield>
    <datafield tag="667" ind1=" " ind2=" ">
      <subfield code="a">VD-17</subfield>
    </datafield>
    <datafield tag="670" ind1=" " ind2=" ">
      <subfield code="a">Benzing (Verl.), Sp. 1179</subfield>
    </datafield>
    <datafield tag="670" ind1=" " ind2=" ">
      <subfield code="a">STCN 07555013X</subfield>
    </datafield>
    <datafield tag="678" ind1=" " ind2=" ">
      <subfield code="b">Hatte zusammen mit Johannes Janssonius van Waesberge eine Filiale in Danzig. Dort im Betrieb: Faktor Fischer, Johannes Heinrich, 1687-1700</subfield>
    </datafield>
    <datafield tag="678" ind1=" " ind2=" ">
      <subfield code="b">Adresse: 'T Water, by de Koorn-beurs. - Zeitraum 1681?-1692?</subfield>
    </datafield>
    <datafield tag="678" ind1=" " ind2=" ">
      <subfield code="b">1675-1680 zs. mit Johannes Janssonius van Waesberge I. u. Johannes Janssonius van Waesberge II. als Janssonio- Waesbergii</subfield>
    </datafield>
  </record>
